<record><leader>00000cas a2200000 a 4500</leader><controlfield tag="001">9502591</controlfield><controlfield tag="008">830512d18351839miuwr ne      0    0eng  </controlfield><datafield ind1=" " ind2=" " tag="010"><subfield code="a">sn 83016170 </subfield></datafield><datafield ind1=" " ind2=" " tag="040"><subfield code="a">DLC</subfield><subfield code="b">eng</subfield><subfield code="c">DLC</subfield><subfield code="d">NPU</subfield><subfield code="d">NPX</subfield><subfield code="d">CNW</subfield><subfield code="d">MHN</subfield><subfield code="d">OCL</subfield><subfield code="d">OCLCQ</subfield><subfield code="d">OCLCO</subfield><subfield code="d">OCLCF</subfield></datafield><datafield ind1="1" ind2=" " tag="029"><subfield code="a">AU@</subfield><subfield code="b">000020121563</subfield></datafield><datafield ind1=" " ind2=" " tag="042"><subfield code="a">pcc</subfield></datafield><datafield ind1=" " ind2=" " tag="043"><subfield code="a">n-us-mi</subfield></datafield><datafield ind1="0" ind2="0" tag="050"><subfield code="a">Newspaper 8402</subfield></datafield><datafield ind1="0" ind2=" " tag="130"><subfield code="a">Michigan argus (Ann Arbor, Mich. : 1835)</subfield></datafield><datafield ind1="1" ind2="0" tag="245"><subfield code="a">Michigan argus.</subfield></datafield><datafield ind1=" " ind2=" " tag="260"><subfield code="a">Ann Arbor, (M.T.) [Mich.] :</subfield><subfield code="b">E.P. Gardiner</subfield></datafield><datafield ind1=" " ind2=" " tag="300"><subfield code="a">v. ;</subfield><subfield code="c">54-61 cm.</subfield></datafield><datafield ind1=" " ind2=" " tag="310"><subfield code="a">Weekly</subfield></datafield><datafield ind1="1" ind2=" " tag="362"><subfield code="a">Began with Feb. 5, 1835 issue.</subfield><subfield code="z">Cf. Doll, L. Hist. of the newspapers of Ann Arbor.</subfield></datafield><datafield ind1="0" ind2=" " tag="362"><subfield code="a">-v. 5, no. 14 (July 25 [Aug. 2], 1839)=whole no. 222.</subfield></datafield><datafield ind1=" " ind2=" " tag="500"><subfield code="a">First Democratic paper in Ann Arbor. Cf. Doll, L. Hist. of the newspapers of Ann Arbor.</subfield></datafield><datafield ind1=" " ind2=" " tag="515"><subfield code="a">Whole number added: Vol. 4, no. 27 (Sept. 6, 1838)=whole no. 183.</subfield></datafield><datafield ind1=" " ind2=" " tag="515"><subfield code="a">First page of July 25, 1839 issue printed but not distributed until Aug. 2 when rest of issue printed. Delay due to illness. Second page dated and has paragraph explaining discrepancy.</subfield></datafield><datafield ind1=" " ind2=" " tag="580"><subfield code="a">Semiweekly ed. : Semi-weekly Michigan argus.</subfield></datafield><datafield ind1=" " ind2=" " tag="580"><subfield code="a">Daily ed. : Daily Michigan argus.</subfield></datafield><datafield ind1=" " ind2=" " tag="588"><subfield code="a">Description based on: Vol. 1, no. 2 (Feb. 12, 1835).</subfield></datafield><datafield ind1=" " ind2="0" tag="651"><subfield code="a">Ann Arbor (Mich.)</subfield><subfield code="v">Newspapers.</subfield></datafield><datafield ind1=" " ind2="0" tag="651"><subfield code="a">Washtenaw County (Mich.)</subfield><subfield code="v">Newspapers.</subfield></datafield><datafield ind1=" " ind2="7" tag="655"><subfield code="a">Newspapers.</subfield><subfield code="2">fast</subfield><subfield code="0">(OCoLC)fst01423814</subfield></datafield><datafield ind1=" " ind2="7" tag="651"><subfield code="a">Michigan</subfield><subfield code="z">Ann Arbor.</subfield><subfield code="2">fast</subfield><subfield code="0">(OCoLC)fst01204587</subfield></datafield><datafield ind1=" " ind2="7" tag="651"><subfield code="a">Michigan</subfield><subfield code="z">Washtenaw County.</subfield><subfield code="2">fast</subfield><subfield code="0">(OCoLC)fst01214739</subfield></datafield><datafield ind1=" " ind2=" " tag="752"><subfield code="a">United States</subfield><subfield code="b">Michigan</subfield><subfield code="c">Washtenaw</subfield><subfield code="d">Ann Arbor.</subfield></datafield><datafield ind1="1" ind2=" " tag="775"><subfield code="t">Semi-weekly Michigan argus</subfield><subfield code="w">(DLC)sn 97063390</subfield><subfield code="w">(OCoLC)37677138</subfield></datafield><datafield ind1="1" ind2=" " tag="775"><subfield code="t">Daily Michigan argus</subfield><subfield code="w">(DLC)sn 97063386</subfield><subfield code="w">(OCoLC)37646728</subfield></datafield><datafield ind1="0" ind2="0" tag="785"><subfield code="t">Democratic herald</subfield><subfield code="w">(DLC)sn 83016146</subfield><subfield code="w">(OCoLC)9493216</subfield></datafield></record>